<record><leader>00000cas a2200000 a 4500</leader><controlfield tag="001">12598753</controlfield><controlfield tag="008">850925d19311935ksuwr ne      0    0eng d</controlfield><datafield ind1=" " ind2=" " tag="010"><subfield code="a">sn 85032669 </subfield></datafield><datafield ind1=" " ind2=" " tag="040"><subfield code="a">KSH</subfield><subfield code="b">eng</subfield><subfield code="c">KSH</subfield><subfield code="d">NPT</subfield><subfield code="d">OCL</subfield><subfield code="d">OCLCQ</subfield></datafield><datafield ind1=" " ind2=" " tag="042"><subfield code="a">msc</subfield></datafield><datafield ind1="0" ind2="4" tag="245"><subfield code="a">The Salina sun and Salina labor review.</subfield></datafield><datafield ind1=" " ind2=" " tag="260"><subfield code="a">Salina, Kan. :</subfield><subfield code="b">C.P. Bissell,</subfield><subfield code="c">1931-1935.</subfield></datafield><datafield ind1=" " ind2=" " tag="300"><subfield code="a">4 v. :</subfield><subfield code="b">ill. ;</subfield><subfield code="c">55 cm.</subfield></datafield><datafield ind1=" " ind2=" " tag="310"><subfield code="a">Weekly</subfield></datafield><datafield ind1="0" ind2=" " tag="362"><subfield code="a">Vol. 46, no. 16 (Apr. 30, 1931)-v. 50, no. 33 (Aug. 15, 1935).</subfield></datafield><datafield ind1=" " ind2=" " tag="500"><subfield code="a">"Labor;" "Democratic."</subfield></datafield><datafield ind1=" " ind2=" " tag="752"><subfield code="a">United States</subfield><subfield code="b">Kansas</subfield><subfield code="c">Saline</subfield><subfield code="d">Salina.</subfield></datafield><datafield ind1="0" ind2="4" tag="780"><subfield code="t">Salina sun (Salina, Kan. : 1889)</subfield><subfield code="w">(DLC)sn 85032668</subfield></datafield><datafield ind1="0" ind2="4" tag="780"><subfield code="t">Labor review (Salina, Kan.)</subfield><subfield code="w">(DLC)sn 85031691</subfield></datafield><datafield ind1="0" ind2="0" tag="785"><subfield code="t">Salina sun (Salina, Kan. : 1935)</subfield><subfield code="w">(DLC)sn 85032670</subfield></datafield><datafield ind1="1" ind2=" " tag="029"><subfield code="a">AU@</subfield><subfield code="b">000022166714</subfield></datafield></record>